% This file was created with Citavi 6.18.0.1

@book{.2011,
 year = {2011},
 title = {International Encyclopedia of Statistical Science},
 address = {Berlin, Heidelberg},
 publisher = {{Springer Berlin Heidelberg}}
}


@misc{NumPyDevelopers.2024,
 author = {{NumPy Developers}},
 editor = {{NumPy Developers}},
 year = {2024},
 title = {numpy.argsort},
 url = {https://numpy.org/doc/stable/reference/generated/numpy.argsort.html},
 urldate = {2024.03.21}
}


@misc{NumPyDevelopers.2022,
 author = {{NumPy Developers}},
 year = {2022},
 title = {NumPy documentation},
 url = {https://numpy.org/doc/stable/},
 urldate = {2024.01.20}
}


@incollection{Niebert.2014,
 author = {Niebert, Kai and Gropengie{\ss}er, Harald},
 title = {Leitfadengest{\"u}tzte Interviews},
 pages = {121--132},
 publisher = {{Springer Berlin Heidelberg}},
 isbn = {978-3-642-37826-3},
 editor = {Kruger, Dirk and Parchmann},
 booktitle = {Methoden in der naturwissenschaftsdidaktischen Forschung},
 year = {2014},
 address = {Berlin, Heidelberg},
 doi = {10.1007/978-3-642-37827-0_10},
 file = {Niebert, Gropengie{\ss}er 2014 - Leitfadengest{\"u}tzte Interviews:Attachments/Niebert, Gropengie{\ss}er 2014 - Leitfadengest{\"u}tzte Interviews.pdf:application/pdf}
}


@misc{ngrx.io.2024,
 author = {ngrx.io},
 year = {2024},
 title = {@ngrx/store: Store is RxJS powered global state management for Angular applications, inspired by Redux. Store is a controlled state container designed to help write performant, consistent applications on top of Angular.},
 url = {https://ngrx.io/guide/store},
 urldate = {2024.02.15}
}


@misc{ngrx.io.2024b,
 author = {ngrx.io},
 year = {2024},
 title = {@ngrx/data: NgRx Data is an extension that offers a gentle introduction to NgRx by simplifying management of entity data while reducing the amount of explicitness.},
 url = {https://ngrx.io/guide/data},
 urldate = {2024.02.15}
}


@misc{Moob.2017,
 author = {Moob},
 editor = {stackoverflow.com},
 year = {2017},
 title = {How to generate random grey colors in javascript},
 url = {https://stackoverflow.com/questions/46893750/how-to-generate-random-grey-colors-in-javascript},
 urldate = {2024.03.21}
}


@misc{Nx.,
 author = {Nx},
 editor = {Nx},
 title = {Smart Monorepos -Fast CI},
 url = {https://nx.dev/},
 urldate = {2024.03.21}
}


@misc{MicrosoftTypeScript.2024,
 author = {{Microsoft TypeScript}},
 editor = {Microsoft},
 year = {2024},
 title = {Object Types: Extending Types},
 url = {https://www.typescriptlang.org/docs/handbook/2/objects.html#extending-types},
 urldate = {2024.04.02}
}


@misc{MDNcontributors.2024,
 author = {{MDN contributors}},
 editor = {{MDN contributors}},
 year = {2024},
 title = {WebGL: 2D and 3D graphics for the web},
 url = {https://developer.mozilla.org/en-US/docs/Web/API/WebGL_API?retiredLocale=de},
 urldate = {2024.03.21}
}


@misc{MDNcontributors.2024b,
 author = {{MDN contributors}},
 editor = {{MDN contributors}},
 year = {2024},
 title = {Array.prototype.sort()},
 url = {https://developer.mozilla.org/en-US/docs/Web/JavaScript/Reference/Global_Objects/Array/sort?retiredLocale=de},
 urldate = {2024.03.21}
}


@misc{MDNcontributors.2020,
 author = {{MDN contributors}},
 editor = {{MDN contributors}},
 year = {2020},
 title = {Array.prototype.slice()},
 url = {https://developer.mozilla.org/en-US/docs/Web/JavaScript/Reference/Global_Objects/Array/slice},
 urldate = {2024.03.24}
}


@misc{MDNcontributors.,
 author = {{MDN contributors}},
 editor = {{mdn web docs}},
 title = {Math},
 url = {https://developer.mozilla.org/en-US/docs/Web/JavaScript/Reference/Global_Objects/Math?retiredLocale=de},
 urldate = {2024.01.15}
}


@book{Mayring.2022,
 abstract = {Das Buch stellt mit der {\frqq}Qualitativen Inhaltsanalyse{\flqq} eine der am h{\"a}ufigsten angewandten qualitativ orientierten Auswertungsmethoden vor -- als theorie- und regelgeleitete Analyse sprachlichen Materials. Ausgehend von den drei Grundformen Zusammenfassung, Explikation und Strukturierung werden einzelne Techniken durch Ablaufmodelle und Interpretationsregeln beschrieben und am Beispiel veranschaulicht. Die Qualitative Inhaltsanalyse ist f{\"u}r Studierende von P{\"a}dagogik, Psychologie und Soziologie unverzichtbar, wird aber auch in der Kommunikations-, Literatur- und Kulturwissenschaft immer wichtiger. Das Buch wurde f{\"u}r die 13. Auflage komplett {\"u}berarbeitet, erg{\"a}nzt und aktualisiert. Zudem stellt es mit QCAmap erstmals eine Open-Access-Software f{\"u}r Qualitative Inhaltsanalyse vor, in der man Projekte anlegen und Dokumente hochladen kann.},
 author = {Mayring, Philipp},
 year = {2022},
 title = {Qualitative Inhaltsanalyse: Grundlagen und Techniken},
 url = {http://nbn-resolving.org/urn:nbn:de:bsz:31-epflicht-2019387},
 address = {Weinheim},
 edition = {Neuausgabe},
 publisher = {{Beltz Verlagsgruppe}},
 isbn = {9783407258991}
}


@misc{MAXQDA.2023,
 editor = {MAXQDA},
 year = {2023},
 title = {MAXQDA: Die {\#}1 Software f{\"u}r qualitative und Mixed-Methods-Datenanalyse},
 url = {https://www.maxqda.com/de/},
 urldate = {2023.12.17}
}


@misc{MichaelStadele.2008,
 author = {{Michael St{\"a}dele}},
 date = {2008},
 title = {Diplomarbeit zum Thema Betriebsfestigkeit},
 urldate = {2024.03.29},
 editor = {{Michael St{\"a}dele}},
 institution = {{Hochschule Kempten University of Applied Sciences}},
 type = {Diplomarbeit, intern, bei Fragen vorhanden},
}


@book{Papula.2017,
 abstract = {Die Formelsammlung erg{\"a}nzt das 3-teilige Lehrwerk des Verfassers {\textquotedbl}Mathematik f{\"u}r Ingenieure und Naturwissenschaftler{\textquotedbl}. Rezension: Auf das 3-teilige Lehrwerk des Autors {\textquotedbl}Mathematik f{\"u}r Ingenieure und Naturwissenschaftler{\textquotedbl} (Neuauflage Band 1: 2015) abgestimmte Formelsammlung. Mit ausf{\"u}hrlichem Inhalts- und Sachwortverzeichnis, im Anhang eine ausf{\"u}hrliche Integraltafel h{\"a}ufig auftretender Integrale sowie wichtige Tabellen zur Wahrscheinlichkeitsrechnung und Statistik.},
 author = {Papula, Lothar},
 year = {2017},
 title = {Mathematische Formelsammlung: F{\"u}r Ingenieure und Naturwissenschaftler, mit {\"u}ber 400 Abbildungen, zahlreichen Rechenbeispielen und einer ausf{\"u}hrlichen Integraltafel},
 address = {Wiesbaden},
 edition = {12., {\"u}berarbeitete Auflage},
 volume = {[6]},
 publisher = {{Springer Vieweg}},
 isbn = {9783658161941},
 series = {Mathematik f{\"u}r Ingenieure und Naturwissenschaftler / Lothar Papula}
}


@phdthesis{PatrickPfeiffer.17.10.2022,
 author = {{Patrick Pfeiffer}},
 year = {17.10.2022},
 title = {Ableitung einsatzspezifischer Last- und Beanspruchungskollektive von E-Fahrzeugen im Kundenbetrieb mithilfe von Transfer-Verfahren},
 address = {Kempten},
 school = {{Hochschule Kempten University of Applied Sciences}},
 type = {Masterarbeit, intern, bei Fragen vorhanden},
 file = {Masterarbeit{\_}Pfeiffer-7zptkiu4cfdz8daaje16iaqdae:Attachments/Masterarbeit{\_}Pfeiffer-7zptkiu4cfdz8daaje16iaqdae.pdf:application/pdf}
}


@book{Plass.2010,
 abstract = {Cognitive load theory (CLT) is one of the most important theories in educational psychology, a highly effective guide for the design of multimedia and other learning materials. This edited volume brings together the most prolific researchers from around the world who study various aspects of cognitive load to discuss its current theoretical as well as practical issues. The book is divided into three parts. The first part describes the theoretical foundations and assumptions of CLT, the second discusses the empirical findings about the application of CLT to the design of learning environments, and the third part concludes the book with discussions and suggestions for new directions for future research. It aims to become the standard handbook in CLT for researchers and graduate students in psychology, education, and educational technology.},
 author = {Plass, Jan L. and Moreno, Roxana and Br{\"u}nken, Roland},
 year = {2010},
 title = {Cognitive load theory},
 address = {Cambridge},
 publisher = {{Cambridge University Press}},
 isbn = {9780521860239}
}


@phdthesis{TaylanKaplan.2015.04.01,
 author = {{Taylan Kaplan}},
 year = {2015.04.01},
 title = {Ermittlung von Einflussparametern auf ein {\"U}bertragungsverfahren f{\"u}r das Belastungsmonitoring von Fahrzeugen mittels Mehrk{\"o}rpersimulation},
 address = {Kempten},
 school = {{Hochschule Kempten University of Applied Sciences}},
 type = {Diplomarbeit},
 file = {Diplomarbeit{\_}Kaplan{\_}09022015-9d8dmkst4j8wbgwser9t6hsz3y:Attachments/Diplomarbeit{\_}Kaplan{\_}09022015-9d8dmkst4j8wbgwser9t6hsz3y.pdf:application/pdf}
}


@inproceedings{Tang.2017,
 author = {Tang, Bo and Han, Shi and Yiu, Man Lung and Ding, Rui and Zhang, Dongmei},
 title = {Extracting Top-K Insights from Multi-dimensional Data},
 pages = {1509--1524},
 publisher = {ACM},
 isbn = {9781450341974},
 editor = {Chirkova, Rada},
 booktitle = {Proceedings of the 2017 ACM International Conference on Management of Data},
 year = {2017},
 address = {New York, NY},
 doi = {10.1145/3035918.3035922}
}


@misc{TalksatGoogle.2015,
 author = {{Talks at Google}},
 year = {2015},
 title = {Storytelling with Data | Cole Nussbaumer Knaflic | Talks at Google},
 url = {https://youtu.be/8EMW7io4rSI?si=fVrpP7dGurED-CcH},
 urldate = {2024.03.24}
}


@misc{StefanieVogt&MelanieWerner.2014.08.05,
 author = {{Stefanie Vogt {\&} Melanie Werner}},
 year = {2014.08.05},
 title = {Forschen mit Forschen mit Leitfadeninterviews und qualitativern Ihaltsanalyse},
 url = {https://www.th-koeln.de/mam/bilder/hochschule/fakultaeten/f01/skript_interviewsqualinhaltsanalyse-fertig-05-08-2014.pdf},
 address = {Fachhochschule K{\"o}ln},
 institutions = {{Fachhochschule K{\"o}ln - Fakult{\"a}t f{\"u}r angewandte Sozialwissenschaften - soziale Arbeit}}
}


@misc{SeverinoRibecca.,
 author = {{Severino Ribecca}},
 editor = {{Severino Ribecca}},
 title = {https://datavizcatalogue.com/},
 url = {https://datavizcatalogue.com/index.html},
 urldate = {2024.03.24}
}


@book{Schwabish.2021,
 author = {Schwabish, Jonathan A.},
 year = {2021},
 title = {Better data visualizations: A guide for scholars, researchers, and wonks},
 address = {New York},
 publisher = {{Columbia University Press}},
 isbn = {9780231193108}
}


@misc{SamuelProll.2022,
 author = {{Samuel Pr{\"o}ll}},
 editor = {samproell.io},
 year = {2022},
 title = {Finding peaks in noisy signals (with Python and JavaScript)},
 url = {https://www.samproell.io/posts/signal/peak-finding-python-js/#references},
 address = {samproell.io},
 urldate = {2024.02.15}
}


@misc{sahilshah.2023,
 author = {{sahil shah}},
 editor = {medium.com},
 year = {2023},
 title = {Building a Common Navbar Component in Angular: A Step-by-Step Guide},
 url = {https://medium.com/@sahilangrio/building-a-common-navbar-component-in-angular-a-step-by-step-guide-96833dbb2bcb},
 urldate = {2024.04.02}
}


@misc{RichardBevan.,
 author = {Richard-Bevan},
 editor = {dirask.com},
 title = {TypeScript - moving average},
 url = {https://dirask.com/posts/TypeScript-moving-average-DWkyzD},
 urldate = {2024.01.15}
}


@incollection{Radaj.2003,
 author = {Radaj, Dieter},
 title = {Schwingfestigkeit},
 pages = {11--52},
 publisher = {{Springer Berlin Heidelberg} and Imprint and Springer},
 isbn = {978-3-662-07108-3},
 editor = {Radaj, Dieter},
 booktitle = {Erm{\"u}dungsfestigkeit},
 year = {2003},
 address = {Berlin, Heidelberg},
 doi = {10.1007/978-3-662-07107-6_2}
}


@book{Radaj.2003b,
 abstract = {Ingenieure in Entwicklung, Konstruktion, Berechnung, Pr{\"u}fung und Versuch ben{\"o}tigen fundiertes, jedoch praxisnah aufbereitetes Wissen {\"u}ber die mechanischen und werkstoffkundlichen Grundlagen der Erm{\"u}dungsfestigkeit, wie es dieses Buch bereitstellt. Damit wird einerseits die Absch{\"a}tzung von Lebensdauern und andererseits die Optimierung hinsichtlich geringstm{\"o}glichem Materialaufwand erm{\"o}glicht. Inhaltliche Schwerpunkte dieses Fachbuchs sind Schwingfestigkeit, Kerbwirkung und Bruchmechanik. Besonders hervorzuheben ist die Diskussion verschiedener Einflu{\ss}gr{\"o}{\ss}en und die Behandlung des neuen Gebiets der Kurzri{\ss}bruchmechanik. F{\"u}r die zweite Auflage wurden alle Kapitel des Werks auf den neuesten Stand der Technik gebracht. Ein zus{\"a}tzliches Kapitel {\"u}ber die FKM-Richtline (Festigkeitsberechnung im Maschinenbau) rundet das Werk ab.},
 year = {2003},
 title = {Erm{\"u}dungsfestigkeit: Grundlagen f{\"u}r Leichtbau, Maschinen- und Stahlbau},
 address = {Berlin, Heidelberg},
 edition = {Zweite, neubearbeitete und erweiterte Auflage},
 publisher = {{Springer Berlin Heidelberg} and Imprint and Springer},
 isbn = {978-3-662-07108-3},
 editor = {Radaj, Dieter},
 doi = {10.1007/978-3-662-07107-6}
}


@misc{Prof.Dr.ChristianBeecks.,
 author = {{Prof. Dr. Christian Beecks}},
 title = {Die Kunst eine gute Datengeschichte zu erz{\"a}hlen: Kurseinheit 7: Visualisierung und Kommunikation},
 series = {Einf{\"u}hrung in Data Science}
}


@misc{Plotly.2024,
 author = {Plotly},
 editor = {Plotly},
 year = {2024},
 title = {WebGL vs SVG in JavaScript},
 url = {https://plotly.com/javascript/webgl-vs-svg/},
 urldate = {2024.03.21}
}


@misc{Plotly.2024b,
 author = {Plotly},
 editor = {Plotly},
 year = {2024},
 title = {Line Charts in JavaScript: How to make D3.js-based line charts in JavaScript.},
 url = {https://plotly.com/javascript/line-charts/},
 urldate = {2024.02.10}
}


@misc{Plotly.2024c,
 author = {Plotly},
 editor = {Plotly},
 year = {2024},
 title = {Bullet Charts in JavaScript: How to make a D3.js-based bullet chart in javascript.},
 url = {https://plotly.com/javascript/bullet-charts/},
 urldate = {2024.02.10},
 file = {Plotly 2024 - Bullet Charts in JavaScript:Attachments/Plotly 2024 - Bullet Charts in JavaScript.pdf:application/pdf}
}


@inproceedings{Ma.2021,
 author = {Ma, Pingchuan and Ding, Rui and Han, Shi and Zhang, Dongmei},
 title = {MetaInsight: Automatic Discovery of Structured Knowledge for Exploratory Data Analysis},
 pages = {1262--1274},
 publisher = {{Association for Computing Machinery}},
 isbn = {9781450383431},
 series = {ACM Conferences},
 editor = {Li, Guoliang},
 booktitle = {Proceedings of the 2021 International Conference on Management of Data},
 year = {2021},
 address = {New York,NY,United States},
 doi = {10.1145/3448016.3457267}
}


@misc{TheSciPycommunity.2023,
 author = {{The SciPy community}},
 year = {2023},
 title = {SciPy User Guide},
 url = {https://docs.scipy.org/doc/scipy/tutorial/index.html#user-guide},
 urldate = {2024.02.20}
}


@inproceedings{Luo.2018,
 author = {Luo, Yuyu and Qin, Xuedi and Tang, Nan and Li, Guoliang},
 title = {DeepEye: Towards Automatic Data Visualization},
 pages = {101--112},
 publisher = {IEEE},
 isbn = {978-1-5386-5520-7},
 editor = {Engineering, IEEE International Conference on Data},
 booktitle = {IEEE 34th International Conference on Data Engineering},
 year = {2018},
 address = {Piscataway, NJ},
 doi = {10.1109/ICDE.2018.00019}
}


@book{Kuckartz.2022,
 abstract = {Dieses Lehrbuch bietet eine methodisch fundierte, verst{\"a}ndliche und anwendungsbezogene Anleitung zur inhaltsanalytischen Auswertung qualitativer Daten. Dabei werden drei Varianten qualitativer Inhaltsanalyse ausf{\"u}hrlich vorgestellt: die inhaltlich strukturierende, die evaluative und die typenbildende qualitative Inhaltsanalyse. Dieses Buch ist ein wertvoller, vielfach bew{\"a}hrter Begleiter f{\"u}r die wissenschaftliche Forschungspraxis in vielen Disziplinen.--Backcover},
 author = {Kuckartz, Udo and R{\"a}diker, Stefan},
 year = {2022},
 title = {Qualitative Inhaltsanalyse: Methoden, Praxis, Computerunterst{\"u}tzung},
 url = {https://www.beltz.de/fileadmin/beltz/leseproben/978-3-7799-6231-1.pdf},
 price = {Broschur : EUR 19.95 (DE), circa EUR 20.60 (AT)},
 address = {Weinheim},
 edition = {5. [{\"u}berarbeitete] Auflage},
 publisher = {{Beltz Juventa}},
 isbn = {9783779962311},
 series = {Grundlagentexte Methoden},
 institution = {{Juventa Verlag}},
 file = {Kuckartz, R{\"a}diker 2022 - Qualitative Inhaltsanalyse:Attachments/Kuckartz, R{\"a}diker 2022 - Qualitative Inhaltsanalyse.pdf:application/pdf}
}


@inproceedings{Daradkeh.2023,
 author = {Daradkeh, Mohammad and Atalla, Shadi},
 title = {From Data to Narrative: Automating and Engineering the Art of Data Storytelling},
 pages = {550--555},
 publisher = {IEEE},
 isbn = {979-8-3503-2006-0},
 booktitle = {2023 International Conference on Information Technology (ICIT)},
 year = {2023},
 doi = {10.1109/ICIT58056.2023.10225929}
}


@proceedings{Chirkova.2017,
 year = {2017},
 title = {Proceedings of the 2017 ACM International Conference on Management of Data},
 address = {New York, NY},
 publisher = {ACM},
 isbn = {9781450341974},
 editor = {Chirkova, Rada},
 doi = {10.1145/3035918}
}


@book{Bosch.2002,
 author = {Bosch, Karl},
 year = {2002},
 title = {Formelsammlung Statistik},
 address = {Berlin and Boston},
 edition = {Reprint 2018},
 publisher = {{Oldenbourg Wissenschaftsverlag}},
 isbn = {3486273124}
}


@article{BO.2019,
 abstract = {The purpose of this review paper was to conduct a literature review on the effects of colors on learners' learning cognition and emotions. Findings of this review could inform practitioners about better color choices they could use to present information and design learning materials in ways that decrease learners' cognitive load, increase their attitudes and motivation, help them process and comprehend learning materials easily, and improve their learning performance. This review could aid in design of future instructional materials, particularly when it comes to the use of specific highlighting colors. It could also provide practitioners color choices that could be used to help learners increase their attention to materials and help practitioners see the connections between colors, emotions, and cognitive learning. [ABSTRACT FROM AUTHOR]},
 author = {BO, CHANG and RENMEI, X. U.},
 year = {2019},
 title = {Effects of Colors on Cognition and Emotions in Learning},
 url = {https://www.fernuni-hagen.de/zmi/produkte_service/vpn_client.shtml},
 keywords = {Cognition;Emotions;Instructional materials industry;Learning;Literature reviews},
 pages = {287--302},
 volume = {11},
 number = {4},
 issn = {15400182},
 journal = {Technology, Instruction, Cognition {\&} Learning}
}


@book{Billeter.1981,
 author = {Billeter, Ernst P. and Vlach, Vladimir},
 year = {1981},
 title = {Zeitreihen-Analyse: Einf{\"u}hrung in die praktische Anwendung},
 address = {Heidelberg},
 publisher = {{Physica-Verlag HD}},
 isbn = {9783662414767},
 series = {Physica Paperback},
 doi = {10.1007/978-3-662-41476-7},
 file = {Billeter, Vlach 1981 - Zeitreihen-Analyse:Attachments/Billeter, Vlach 1981 - Zeitreihen-Analyse.pdf:application/pdf}
}


@misc{BenediktMundl.2023,
 author = {{Benedikt Mundl}},
 year = {2023},
 title = {Vorlesung ZuvKon},
 address = {Hochschule Kempten University of Applied Sciences}
}


@misc{DavidAkim.2022,
 author = {{David Akim}},
 editor = {medium.com},
 year = {2022},
 title = {Using Plotly.js with Angular},
 url = {https://medium.com/@davidjohnakim/using-plotly-js-with-angular-7fc07ca9a48f},
 urldate = {2024.04.02}
}


@phdthesis{BenediktMundl.25.08.2010,
 author = {{Benedikt Mundl}},
 year = {25.08.2010},
 title = {Spezifikation, Implementierung und Test eines Analyseverfahrens zur Schwachstellenerkennung von Fahrzeugen als Onlineworkflow},
 address = {Kempten},
 school = {{Hochschule Kempten University of Applied Sciences}},
 type = {Diplomarbeit},
 file = {DA{\_}Spezifikation{\_}Implementierung{\_}und{\_}Test{\_}eines-j5cfjhkar78x8ewicpzx5oynsc:Attachments/DA{\_}Spezifikation{\_}Implementierung{\_}und{\_}Test{\_}eines-j5cfjhkar78x8ewicpzx5oynsc.pdf:application/pdf}
}


@misc{Angular.2022,
 author = {Angular},
 editor = {Angular},
 year = {2022},
 title = {Getting started with Angular},
 url = {https://angular.io/start},
 urldate = {2024.04.02}
}


@misc{AndreMorgensternEinenkel.2023,
 author = {{Andre Morgenstern-Einenkel}},
 year = {2023},
 title = {Qualitative Inhaltsanalyse - Schritt f{\"u}r Schritt - mit MAXQDA 2022},
 url = {https://www.youtube.com/watch?v=8mGdHCkZGbQ},
 urldate = {2023.11.24}
}


@misc{Alnitak.2012,
 author = {Alnitak},
 editor = {stackoverflow.com},
 year = {2012},
 title = {How to check if hex color is {\textquotedbl}too black{\textquotedbl}?},
 url = {https://stackoverflow.com/a/12043228},
 urldate = {2024.03.29}
}


@misc{A.Waris.2023,
 author = {{A. Waris}},
 editor = {medium.com},
 year = {2023},
 title = {Generic CRUD Service in Angular},
 url = {https://medium.com/@abdulwariis/generic-crud-service-in-angular-ea7b5826927f},
 urldate = {2024.04.02}
}


@proceedings{.2023,
 year = {2023},
 title = {2023 International Conference on Information Technology (ICIT)},
 publisher = {IEEE},
 isbn = {979-8-3503-2006-0}
}


@proceedings{.2019,
 year = {2019},
 title = {Proceedings of the 2019 International Conference on Management of Data},
 address = {New York, NY, USA},
 publisher = {ACM}
}


@misc{Angular.2024,
 author = {Angular},
 year = {2024},
 title = {Angular Material: Material Design components for Angular},
 url = {https://material.angular.io/},
 urldate = {2024.02.15}
}


@misc{DIETERSCHUTZ.2019,
 author = {{DIETER SCH{\"U}TZ}},
 editor = {{SWIFT GmbH}},
 year = {2019},
 title = {Level Crossing},
 url = {https://swift-online.de/level-crossing/#:~:text=Bei%20der%20%C3%9Cberschreitungsh%C3%A4ufigkeit%20von%20Klassengrenzen,positiver%20Richtung%20durchl%C3%A4uft%2C%20also%20%C3%BCberschreitet.},
 urldate = {2023.10.02}
}


@inproceedings{Ding.2019,
 author = {Ding, Rui and Han, Shi and Xu, Yong and Zhang, Haidong and Zhang, Dongmei},
 title = {QuickInsights: Quick and Automatic Discovery of Insights from Multi-Dimensional Data},
 publisher = {ACM},
 booktitle = {Proceedings of the 2019 International Conference on Management of Data},
 year = {2019},
 address = {New York, NY, USA},
 doi = {10.1145/3299869.3314037},
 file = {Ding, Han et al. 2019 - QuickInsights:Attachments/Ding, Han et al. 2019 - QuickInsights.pdf:application/pdf}
}


@proceedings{Engineering.2018,
 year = {2018},
 title = {IEEE 34th International Conference on Data Engineering: ICDE 2018 : 16-19 April 2018, Paris, France : proceedings},
 address = {Piscataway, NJ},
 publisher = {IEEE},
 isbn = {978-1-5386-5520-7},
 editor = {Engineering, IEEE International Conference on Data},
 institution = {{IEEE International Conference on Data Engineering} and ICDE}
}


@book{Kruger.2014,
 year = {2014},
 title = {Methoden in der naturwissenschaftsdidaktischen Forschung},
 address = {Berlin, Heidelberg},
 publisher = {{Springer Berlin Heidelberg}},
 isbn = {978-3-642-37826-3},
 editor = {Kruger, Dirk and Parchmann},
 doi = {10.1007/978-3-642-37827-0}
}


@book{Knaflic.2016,
 abstract = {Presents a guide to creating effective computer graphics for business presentations, with advice on choosing the right visual format, avoiding information overload, using colors to highlight important details, and incorporating elements of storytelling.},
 author = {Knaflic, Cole Nussbaumer},
 year = {2016},
 title = {Storytelling with data: A data visualization guide for business professionals},
 address = {Hoboken, New Jersey},
 publisher = {{John Wiley {\&} Sons, Inc}},
 isbn = {9781119002253}
}


@misc{KeycloakAuthorsTheLinuxFoundation.2023,
 author = {{Keycloak Authors, The Linux Foundation}},
 editor = {{Keycloak Authors, The Linux Foundation}},
 year = {2023},
 title = {Keycloak: Open Source Identity and Access Management},
 url = {https://www.keycloak.org/},
 urldate = {2024.03.29}
}


@misc{KeithStrickland.2020,
 author = {{Keith Strickland}},
 editor = {{The Startup}},
 year = {2020},
 title = {Angular: Loading spinner using Http Interceptor},
 url = {https://medium.com/swlh/angular-loading-spinner-using-http-interceptor-63c1bb76517b},
 urldate = {2024.04.02}
}


@incollection{Keil.2017,
 author = {Keil, Stefan},
 title = {Grundlagen der Dehnungsmessstreifen-Technologie},
 pages = {13--99},
 publisher = {{Springer Vieweg}},
 isbn = {978-3-658-13611-6},
 editor = {Keil, Stefan},
 booktitle = {Dehnungsmessstreifen},
 year = {2017},
 address = {Wiesbaden, Germany},
 doi = {10.1007/978-3-658-13612-3_2}
}


@book{Keil.2017b,
 year = {2017},
 title = {Dehnungsmessstreifen},
 address = {Wiesbaden, Germany},
 edition = {2., neu bearbeitete Auflage},
 publisher = {{Springer Vieweg}},
 isbn = {978-3-658-13611-6},
 editor = {Keil, Stefan},
 doi = {10.1007/978-3-658-13612-3}
}


@misc{JonathanCardoso.2021,
 author = {{Jonathan Cardoso}},
 editor = {{Digital Ocean}},
 year = {2021},
 title = {How To Use Generics in TypeScript: TUTORIAL},
 url = {https://www.digitalocean.com/community/tutorials/how-to-use-generics-in-typescript},
 urldate = {2024.04.02}
}


@book{Jacobs.2016,
 year = {2016},
 title = {Maschinengestaltung},
 address = {Aachen},
 edition = {Ausgabe 10/2016},
 publisher = {Mainz},
 isbn = {9783861307488},
 editor = {Jacobs, Georg}
}


@incollection{Hyndman.2011,
 author = {Hyndman, Rob J.},
 title = {Moving Averages},
 pages = {866--869},
 publisher = {{Springer Berlin Heidelberg}},
 booktitle = {International Encyclopedia of Statistical Science},
 year = {2011},
 address = {Berlin, Heidelberg},
 doi = {10.1007/978-3-642-04898-2_380},
 file = {Hyndman 2011 - Moving Averages:Attachments/Hyndman 2011 - Moving Averages.pdf:application/pdf}
}


@misc{HewlettPackardEnterpriseDevelopmentLP.2023,
 author = {{Hewlett Packard Enterprise Development LP}},
 editor = {{Hewlett Packard Enterprise Development LP}},
 year = {2023},
 title = {What are Data Insights?},
 url = {https://www.hpe.com/us/en/what-is/data-insights.html},
 urldate = {2023.10.09}
}


@book{Gotz.2020,
 abstract = {Einleitung -- Schwingfestigkeit -- Einfl{\"u}sse auf die Schwingfestigkeit und deren Absch{\"a}tzung -- Statistische Grundlagen -- Lastannahme -- Bauteilbeanspruchung -- Rechnerischer Statischer Festigkeitsnachweis -- Rechnerischer Dauerfestigkeitsnachweis -- Rechnerischer Betriebsfestigkeitsnachweis -- Experimenteller Festigkeitsnachweis -- Anhang.


Dieses verst{\"a}ndlich geschriebene Lehrbuch in praxisorientierter Darstellung schlie{\ss}t erstmalig die L{\"u}cke zwischen Lehrb{\"u}chern zur Technischen Mechanik und Fachb{\"u}chern zur Betriebsfestigkeit. Zus{\"a}tzlich werden die theoretischen Hintergr{\"u}nde zur aktuellen 7. Auflage der FKM-Richtlinie erl{\"a}utert. Daher ist es auch f{\"u}r den praktisch t{\"a}tigen Ingenieur in der Festigkeitsberechnung sehr n{\"u}tzlich. Zahlreiche durchgerechnete Beispiele sowie Verst{\"a}ndnisfragen und Aufgaben in jedem Kapitel erm{\"o}glichen ein erfolgreiches Selbststudium. Es kann neben der Ausbildung im Fach Betriebsfestigkeit auch in den F{\"a}chern Maschinenelemente, Konstruktion, Werkstofftechnik, Stahlbau, experimentelle Mechanik und Leichtbau sehr gut eingesetzt werden. Der Inhalt Einleitung - Schwingfestigkeit - Einfl{\"u}sse auf die Schwingfestigkeit und deren Absch{\"a}tzung - Statistische Grundlagen - Lastannahme - Bauteilbeanspruchung - Rechnerischer Statischer Festigkeitsnachweis - Rechnerischer Dauerfestigkeitsnachweis - Rechnerischer Betriebsfestigkeitsnachweis - Experimenteller Festigkeitsnachweis - Anhang Die Zielgruppen - Studierende ingenieurwissenschaftlicher Fachrichtungen an Hochschulen und Universit{\"a}ten - Ingenieure im Maschinen-, Fahrzeug- und Anlagenbau, die einen vertiefenden Einblick in die Betriebsfestigkeit suchen Die Autoren Prof. Dr.-Ing. Sebastian G{\"o}tz lehrt an der HTW Berlin Technische Mechanik, Betriebsfestigkeit, FEM und Maschinendynamik. Zuvor war er als Berechnungsingenieur in der Automobilindustrie und im Anlagenbau t{\"a}tig. Prof. Dr.-Ing. habil. Klaus-Georg Eulitz leitete bis 2015 die Arbeitsgruppe Betriebsfestigkeit am Institut f{\"u}r Festk{\"o}rpermechanik an der TU Dresden.},
 author = {G{\"o}tz, Sebastian and Eulitz, Klaus-Georg},
 year = {2020},
 title = {Betriebsfestigkeit: Bauteile sicher auslegen!},
 address = {Wiesbaden},
 edition = {1. Auflage 2020},
 publisher = {{Springer Fachmedien Wiesbaden}},
 isbn = {9783658311698},
 series = {Springer eBook Collection},
 doi = {10.1007/978-3-658-31169-8},
 file = {G{\"o}tz, Eulitz 2020 - Betriebsfestigkeit:Attachments/G{\"o}tz, Eulitz 2020 - Betriebsfestigkeit.pdf:application/pdf}
}


@misc{FigmaGmbH.2024,
 author = {{Figma GmbH}},
 editor = {{Figma GmbH}},
 year = {2024},
 title = {Design , Abstimmung  und Entwicklung  an einem Ort --mit Figma.},
 url = {https://www.figma.com/de/},
 urldate = {2024.03.17}
}


@book{Few.2004,
 abstract = {Tables and graphs can more adequately communicate important business information when they reflect the good design practices discussed in this practical guide to effective table and graph design. Information is provided on the fundamental concepts of table and graph design, the numbers and knowledge most suitable for display in a graphic form, the best tabular means to communicate certain ideas, and the component-level aspects of design. Analysts, technicians, and managers will appreciate the solid theory behind this outline for ensuring that tables and graphs present quantitative business information in a truthful, attractive format that facilitates better decision-making


Tables and graphs can more adequately communicate important business information when they reflect the good design practices discussed in this practical guide to effective table and graph design. Information is provided on the fundamental concepts of table and graph design, the numbers and knowledge most suitable for display in a graphic form, the best tabular means to communicate certain ideas, and the component-level aspects of design. Analysts, technicians, and managers will appreciate the solid theory behind this outline for ensuring that tables and graphs present quantitative business information in a truthful, attractive format that facilitates better decision-making},
 author = {Few, Stephen},
 year = {2004},
 title = {Show me the numbers: Designing tables and graphs to enlighten},
 address = {Oakland, Calif},
 publisher = {{Analytics Press}},
 isbn = {0970601999}
}


@misc{FabrizioBianchi.,
 author = {{Fabrizio Bianchi}},
 title = {The super fast color palettes generator! Create the perfect palette or get inspired by thousands of buitiful color schemes.},
 url = {https://coolors.co/},
 urldate = {2024.03.17}
}


@misc{EranW.2020,
 author = {{Eran W}},
 editor = {stackoverflow.com},
 year = {2020},
 title = {What is the javascript equivalent of numpy argsort?},
 url = {https://stackoverflow.com/a/65410414},
 urldate = {2024.01.15}
}


@proceedings{Li.2021,
 year = {2021},
 title = {Proceedings of the 2021 International Conference on Management of Data},
 address = {New York,NY,United States},
 publisher = {{Association for Computing Machinery}},
 isbn = {9781450383431},
 series = {ACM Conferences},
 editor = {Li, Guoliang},
 doi = {10.1145/3448016 }
}


@book{Wiesbaden.2013,
 abstract = {Von A wie Abgangsfunktion bis Z wie Zwei-Punkteform: Das kompakte Nachschlagewerk bietet sowohl Studierenden und Lehrenden der Wirtschaftsmathematik und der Wirtschaftswissenschaften als auch Anwendern in der Praxis eine verst{\"a}ndliche und fundierte Erl{\"a}uterung aller relevanten Fachbegriffe des Themengebiets. Mehr als 750 Stichw{\"o}rter und viele anschauliche Beispiele und Formeln erl{\"a}utern die Basics der Wirtschaftsmathematik, Statistik und {\"O}konometrie sowie alle wichtigen Anwendungsbereiche. Zahlreiche Querverweise erg{\"a}nzen die Ausf{\"u}hrungen und zeigen Zusammenh{\"a}nge auf. Der Inhalt Im Kompakt-Lexikon finden Sie alle zentralen Begriffe aus den Themengebieten Angewandte Mathematik Methoden und Formeln Finanzmathematik Lineare Algebra Differenzialrechnung Statistk {\"O}konometrie Die Autoren Die Definitionen des Kompakt-Lexikons wurden von anerkannten Autoren aus Wissenschaft und Praxis verfasst, die ausgewiesene Experten auf ihren Fachgebieten sind.},
 author = {Wiesbaden, Springer Fachmedien},
 year = {2013},
 title = {Kompakt-Lexikon Wirtschaftsmathematik und Statistik: 750 Begriffe nachschlagen, verstehen, anwenden},
 url = {https://ebookcentral.proquest.com/lib/kxp/detail.action?docID=1783389},
 address = {Wiesbaden},
 edition = {Aufl. 2013},
 publisher = {{Springer Fachmedien Wiesbaden}},
 isbn = {9783658031817}
}


